@booklet{adv-alkis-haupt,
author = "{Arbeitsgemeinschaft der Vermessungsverwaltungen der Länder der Bundesrepublik Deutschland}",
Shortauthor = {AdV},
title = {Dokumentation zur Modellierung der Geoinformationen des amtlichen Vermessungswesens},
year = {2006},
subtitle = {Hauptdokument},
note = {Version 6.0},
url = {http://www.adv-online.de/AAA-Modell/Dokumente-der-GeoInfoDok/},
urldate = {2013-12-09},
}

@booklet{adv-alkis-erlaeuterung,
author = "{Arbeitsgemeinschaft der Vermessungsverwaltungen der Länder der Bundesrepublik Deutschland}",
Shortauthor = {AdV},
title = {Dokumentation zur Modellierung der Geoinformationen des amtlichen Vermessungswesens},
year = {2006},
subtitle = {Erläuterungen zu ALKIS},
note = {Version 6.0},
url = {http://www.adv-online.de/AAA-Modell/Dokumente-der-GeoInfoDok/},
urldate = {2013-12-09},
}

@online{adv-lagefestpunkte,
author = "{Arbeitsgemeinschaft der Vermessungsverwaltungen der Länder der Bundesrepublik Deutschland}",
Shortauthor = {AdV},
title = {Lagefestpunkte (LFP)},
year = {2009},
url = {http://www.adv-online.de/AdV-Produkte/Festpunkte/Lagefestpunkte-LFP/},
urldate = {2013-12-09},
}

@online{adv-nivp,
author = "{Arbeitsgemeinschaft der Vermessungsverwaltungen der Länder der Bundesrepublik Deutschland}",
Shortauthor = {AdV},
title = {Nachweis der Höhenfestpunkte},
year = {2013},
url = {http://www.adv-online.de/AdV-Produkte/Festpunkte/Nachweis-der-Hoehenfestpunkte/},
urldate = {2013-12-09},
}

@online{gg-schaetzungskarte,
author = "{Professur für Geodäsie und Geoinformatik}",
Shortauthor = {GG},
title = {Schätzungskarte},
year = {2002},
url = {http://www.geoinformatik.uni-rostock.de/einzel.asp?ID=1305567743},
urldate = {2013-12-09},
organization = {Universität Rostock},
}

@online{gg-reichsbodenschaetzung,
author = "{Professur für Geodäsie und Geoinformatik}",
Shortauthor = {GG},
title = {Reichsbodenschätzung},
year = {2001},
url = {http://www.geoinformatik.uni-rostock.de/einzel.asp?ID=162616369},
urldate = {2013-12-09},
organization = {Universität Rostock},
}

@online{wiki-aufnahmepunkt,
author = "{Wikipedia}",
Shortauthor = {WIKI},
title = {Aufnahmepunkt},
url = {http://de.wikipedia.org/wiki/Aufnahmepunkt},
urldate = {2013-12-10},
}

@online{wupp-alkis,
author = "{Stadt Wuppertal}",
Shortauthor = {WUPP},
title = {Amtliches Liegenschaftskataster-Informationssystem},
url = {https://www.wuppertal.de/rathaus-buergerservice/karten_vermessung/kataster/ALKIS.php},
urldate = {2013-12-09},
}


@online{wupp-digitale-grundkarte,
author = "{Stadt Wuppertal}",
Shortauthor = {WUPP},
title = {Karten und Pläne: Digitale Grundkarte (DGK)},
url = {https://www.wuppertal.de/vv/produkte/102/Karten_und_Plaene_Digitale_Grundkarte_DGK.php},
urldate = {2013-12-09},
}

@online{wupp-orthofoto,
author = "{Stadt Wuppertal}",
Shortauthor = {WUPP},
title = {Fotos und Stadtansichten: Orthofotos/Luftbildkarte},
url = {https://www.wuppertal.de/vv/produkte/102/Fotos_und_Stadtansichten_Orthofotos-Luftbildkarte.php},
urldate = {2013-12-09},
}




